<collection xmlns="http://www.loc.gov/MARC21/slim">
<record>
  <leader>01335nam0a2200253 i 450 </leader>
  <controlfield tag="001">IT\ICCU\CNCE\060710</controlfield>
  <controlfield tag="005">20150319000000.0</controlfield>
  <datafield tag="012" ind1=" " ind2=" ">
    <subfield code="a">reio reio reo. e,on (C) 1513 (Q)</subfield>
    <subfield code="2">fei</subfield>
  </datafield>
  <datafield tag="100" ind1=" " ind2=" ">
    <subfield code="a">20050713f15131523    0itac0103    ba</subfield>
  </datafield>
  <datafield tag="101" ind1=" " ind2=" ">
    <subfield code="a">ITA</subfield>
  </datafield>
  <datafield tag="102" ind1=" " ind2=" ">
    <subfield code="a">IT</subfield>
  </datafield>
  <datafield tag="200" ind1="1" ind2=" ">
    <subfield code="a">Questo sie il lamento del peccatore chel dira o fara dire a honore delle cinque piaghe del signore Jesu trenta mattine a non fallire, de mala morte non potra morire, mediante la gratia de Dio</subfield>
  </datafield>
  <datafield tag="210" ind1=" " ind2=" ">
    <subfield code="d">\tra il 1513 e il 1523!</subfield>
  </datafield>
  <datafield tag="215" ind1=" " ind2=" ">
    <subfield code="a">\4! c.</subfield>
    <subfield code="d">4ʻ</subfield>
  </datafield>
  <datafield tag="300" ind1=" " ind2=" ">
    <subfield code="a">Stampata a Milano da Bernardino Castello; per il luogo e il tipografo cfr. B. G.,  Le cinquecentine della Biblioteca Trivulziana, n. 248. - La data si ricava dall&apos;attivit ̉del tipografo</subfield>
  </datafield>
  <datafield tag="10" ind1="I" ind2="T">
    <subfield code="I">CCU\CNCE\070438</subfield>
    <subfield code="1">2001 </subfield>
    <subfield code="a">℗Il ℗lamento del peccatore chel dira</subfield>
  </datafield>
  <datafield tag="620" ind1=" " ind2=" ">
    <subfield code="a">IT</subfield>
    <subfield code="d">Milano</subfield>
  </datafield>
  <datafield tag="712" ind1="0" ind2="0">
    <subfield code="a">Castello, Bernardino</subfield>
    <subfield code="3">IT\ICCU\CNCT\000210</subfield>
    <subfield code="4">650</subfield>
  </datafield>
  <datafield tag="791" ind1="0" ind2="0">
    <subfield code="a">Castello, Bernardinus de</subfield>
    <subfield code="3">IT\ICCU\CNCT\004514</subfield>
    <subfield code="z">Castello, Bernardino</subfield>
  </datafield>
  <datafield tag="791" ind1="0" ind2="0">
    <subfield code="a">Castellus, Bernardinus</subfield>
    <subfield code="3">IT\ICCU\CNCT\004516</subfield>
    <subfield code="z">Castello, Bernardino</subfield>
  </datafield>
  <datafield tag="791" ind1="0" ind2="0">
    <subfield code="a">Del Castello, Bernardino</subfield>
    <subfield code="3">IT\ICCU\CNCT\004517</subfield>
    <subfield code="z">Castello, Bernardino</subfield>
  </datafield>
  <datafield tag="791" ind1="0" ind2="2">
    <subfield code="a">Bernardino da Castello</subfield>
    <subfield code="3">IT\ICCU\CNCT\004519</subfield>
    <subfield code="z">Castello, Bernardino</subfield>
  </datafield>
  <datafield tag="801" ind1=" " ind2="3">
    <subfield code="a">IT</subfield>
    <subfield code="b">ICCU</subfield>
    <subfield code="c">20201115</subfield>
  </datafield>
  <datafield tag="899" ind1=" " ind2=" ">
    <subfield code="a">Archivio storico civico e Biblioteca Trivulziana. Milano</subfield>
    <subfield code="1">MI0327</subfield>
    <subfield code="2">LO1 13</subfield>
  </datafield>
</record>
</collection>
